@book{achilli2016,
  place     = {Madrid},
  title     = {Vampiro: La Mascarada},
  publisher = {Nosolorol},
  author    = {Achilli, Justin},
  year      = {2016}
}
@book{cennini1956,
  place     = {Barcelona},
  title     = {Tratado de la Pintura: El Libro del Arte},
  publisher = {Sucesor de E. Meseguer},
  author    = {Cennini, Cennino},
  year      = {1956}
}
@book{garcia,
  place     = {Barcelona},
  title     = {Cien años de Soledad: Gabriel García Márquez},
  publisher = {Vosgos},
  year      = {1978}
} 
@book{gaiman2021,
  title     = {Stardust},
  publisher = {William Morrow Company},
  author    = {Gaiman, Neil},
  year      = {2021}
} 
@book{goldmanfilipettovidal2013,
  place     = {Madrid},
  title     = {La Princesa Prometida},
  publisher = {Martínez Roca},
  author    = {Goldman, William and Filipetto, Celia and Vidal, Mar},
  year      = {2013}
} 
 @book{hesiodo1990,
  place     = {España},
  title     = {Teogonia},
  publisher = {Alianza Editorial},
  author    = {Hesiodo},
  year      = {1990}
} 
 @book{terramar,
  place     = {Boston},
  title     = {A wizard of earthsea},
  publisher = {Graphia},
  author    = {K., Le Guin Ursula and LeGuin, Ursula K.},
  year      = {2012}
} 
 @book{matute,
  place     = {Barcelona},
  title     = {Olvidado Rey gudú},
  publisher = {Planeta DeAgostini},
  author    = {Matute Ana María},
  year      = {1999}
} 
 @book{silmarillion,
  place     = {Barcelona},
  title     = {El Silmarillion},
  publisher = {Minotauro},
  author    = {R., Tolkien J R},
  year      = {1987}
} 
 @book{cartast,
  place     = {Barcelona},
  title     = {Cartas de J.R.R. tolkien},
  publisher = {Planeta-De Agostini},
  author    = {R., Tolkien J R and Carpenter, Humphrey and Tolkien, Christopher},
  year      = {2002}
} 
 @book{esdla,
  place     = {Barcelona.},
  title     = {El Señor de los anillos},
  publisher = {Minotauro},
  author    = {R., Tolkien J R and Domènech Luis and Horne, Matilde},
  year      = {2010}
} 
 @book{rice1994,
  place     = {Barcelona},
  title     = {Entrevista con El Vampiro},
  publisher = {Ediciones B},
  author    = {Rice, Anne},
  year      = {1994}
} 
 @book{sanderson2020,
  place     = {New York},
  title     = {The stormlight archive},
  publisher = {Tor Fantasy},
  author    = {Sanderson, Brandon},
  year      = {2020}
} 
 @book{shakespeare,
  place     = {Madrid, España},
  title     = {William Shakespeare: Romeo y julieta ; Macbeth ; Hamlet ; Otelo ; El Sueño de una noche de Verano ; La Fierecilla Domada ; El Mercader de Venecia},
  publisher = {Edimat Libros},
  author    = {Shakespeare, William and Shakespeare, William and Shakespeare, William and Shakespeare, William and Shakespeare, William and Shakespeare, William and Shakespeare, William and Shakespeare, William and Shakespeare, William and Shakespeare, William and et al.},
  year      = {2013}
} 
 @book{shiffman2012,
  place     = {Erscheinungsort nicht ermittelbar},
  title     = {The nature of code simulating natural systems with processing},
  publisher = {Selbstverl.},
  author    = {Shiffman, Daniel},
  year      = {2012}
} 
 @book{stoker,
  place     = {Barcelona},
  title     = {Drácula, De Bram Stoker},
  publisher = {Norma Editorial},
  author    = {Thomas, Roy and Coppola, Francis Ford and Stoker, Bram and Mignola, Mike and Navarro, Francisco Pérez},
  year      = {2019}
} 
 @misc{arduino,
  title   = {Arduino},
  url     = {https://www.arduino.cc/},
  journal = {Arduino}
} 
 @misc{chief2009,
  url     = {https://www.brandonsanderson.com/},
  journal = {Brandon Sanderson},
  author  = {Chief},
  year    = {2009}
} 
 @misc{meier,
  title     = {Civilization VI},
  publisher = {2K Games},
  author    = {Meier, Sid}
} 
 @misc{persson,
  title     = {Minecraft},
  publisher = {Mojang AB},
  author    = {Persson, Markus}
} 
 @misc{miyamoto,
  title     = {Legend of zelda: Skyward Sword},
  publisher = {Nintendo},
  author    = {Miyamoto, Shigeru}
} 
 @misc{miyamoto2,
  title     = {The legend of zelda: Breath of the wild},
  publisher = {Nintendo},
  author    = {Miyamoto, Shigeru}
} 
 @misc{miyamoto3,
  title     = {The legend of zelda: Majora's mask},
  publisher = {Nintendo},
  author    = {Miyamoto, Shigeru}
} 
 @misc{nannou,
  title   = {Nannou.cc},
  url     = {https://nannou.cc/},
  journal = {Nannou},
  author  = {Nannou}
} 
 @misc{processing,
  title   = {Processing.org},
  url     = {https://processing.org/},
  journal = {Processing}
} 
 @misc{raspberry,
  title   = {Teach, learn, and make with Raspberry Pi},
  url     = {https://www.raspberrypi.org/},
  journal = {Raspberry Pi},
  author  = {Raspberry Pi}
} 
 @misc{conlangs,
  title   = {R/conlangs},
  url     = {https://www.reddit.com/r/conlangs/},
  journal = {reddit}
} 
 @misc{worldbuilding,
  title   = {R/worldbuilding},
  url     = {https://www.reddit.com/r/worldbuilding/},
  journal = {reddit}
} 
 @misc{demoscene,
  title   = {The demoscene},
  url     = {https://www.demoscene.info/},
  journal = {The demoscene - demoscene.info - the portal on the demoscene}
}

 @book{mayer1948,
  place     = {Buenos Aires},
  title     = {Manual del Artista: Materiales Y Técnicas},
  publisher = {Hachette},
  author    = {Mayer, Ralph},
  year      = {1948}
}
 @book{cprogramming,
  place     = {Noida},
  title     = {The C programming language},
  publisher = {Pearson},
  author    = {Kernighan, Brian W. and Ritchie, Dennis M.},
  year      = {2015}
} 

 @book{hobbit,
  place     = {London, England},
  title     = {The Hobbit: Or there and back again},
  publisher = {HarperCollins Publishers},
  author    = {R., Tolkien J R and Tolkien, Christopher and Anderson, Douglas A.},
  year      = {2020}
} 
 @book{rivia,
  place     = {Madrid},
  title     = {La Saga de Geralt de Rivia},
  publisher = {Alamut},
  author    = {Sapkowski, Andrzej y Faraldo, José María},
  year      = {2009}
}
 @book{historiamedia,
  place     = {Barcelona},
  title     = {Historia de la Tierra Media},
  publisher = {Minotauro},
  author    = {Tolkien, J R. R. and Tolkien, Christopher},
  year      = {1991}
} 

 @misc{hackaday,
  title   = {Hackaday},
  url     = {https://hackaday.com/},
  journal = {Hackaday}
}

@inbook{hobbitprincipio,
  place     = {México},
  title     = {Una tertulia inesperada},
  booktitle = {El Hobbit},
  publisher = {Booket},
  author    = {R., Tolkien J R and Figueroa, Manuel},
  year      = {2014}
} 
@inbook{gandalf,
  place     = {México},
  title     = {La Última Jornada},
  booktitle = {El Hobbit},
  publisher = {Booket},
  author    = {R., Tolkien J R and Figueroa, Manuel},
  year      = {2014}
}

@inbook{arteiv,
  place     = {Barcelona},
  title     = {IV},
  booktitle = {Tratado de la Pintura: El Libro del Arte},
  publisher = {Sucesor de E. Meseguer},
  author    = {Cennini, Cennino},
  year      = {1956}
}
@misc{zelda,
  publisher = {Nintentdo},
  title     = {The Legend of Zelda},
  year      = {1986}
}
@inbook{sandersonjuramento,
  place     = {Barcelona},
  edition   = {10},
  title     = {59. Un Honor},
  volume    = {1},
  booktitle = {El Archivo de las tormentas},
  publisher = {Ediciones B},
  author    = {Sanderson, Brandon and Trechera Marín Rafael},
  year      = {2015}
} 