charlas de Sandersono
scarborough fair (tradicionoal y Simon & Garfunkel)
el romance del conde Olinos
baladas del rey arturo
la mort d'artur
avalon, arawn, annwwn enciclopaedia britannica

Achilli, Justin. Vampiro: La Mascarada. Madrid: Nosolorol, 2016. 
Arduino. Accessed December 15, 2021. https://www.arduino.cc/. 
Cennini, Cennino. Tratado De La Pintura: El Libro Del Arte. Barcelona: Sucesor de E. Meseguer, 1956. 
Chief. Brandon Sanderson, July 31, 2009. https://www.brandonsanderson.com/. 
Cien años De Soledad: Gabriel García Márquez. Barcelona: Vosgos, 1978. 
“Civilization VI.” Computer software, n.d. 
“The Demoscene.” The demoscene - demoscene.info - the portal on the demoscene. Accessed December 15, 2021. https://www.demoscene.info/. 
“Final Fantasy IX.” Computer software, n.d. 
Gaiman, Neil. Stardust. William Morrow Company, 2021. 
Goldman, William, Celia Filipetto, and Mar Vidal. La Princesa Prometida. Madrid: Martínez Roca, 2013. 
Hesiodo. Teogonia. España: Alianza Editorial, 1990. 
K., Le Guin Ursula, and Ursula K. LeGuin. A Wizard of Earthsea. Boston: Graphia, 2012. 
Matute Ana María. Olvidado Rey gudú. Barcelona: Planeta DeAgostini, 1999. 
“Minecraft.” Computer software, n.d. 
Miyamoto, Shigeru. “Legend of Zelda: Skyward Sword.” Computer software, n.d. 
Miyamoto, Shigeru. “The Legend of Zelda: Breath of the Wild.” Computer software, n.d. 
Miyamoto, Shigeru. “The Legend of Zelda: Majora's Mask.” Computer software, n.d. 
Nannou. “Nannou.cc.” Nannou. Accessed December 15, 2021. https://nannou.cc/. 
“Processing.org.” Processing. Accessed December 15, 2021. https://processing.org/. 
R., Tolkien J R, Domènech Luis, and Matilde Horne. El Señor De Los Anillos. Barcelona.: Minotauro, 2010. 
R., Tolkien J R, Humphrey Carpenter, and Christopher Tolkien. Cartas De J.R.R. Tolkien. Barcelona: Planeta-De Agostini, 2002. 
R., Tolkien J R. El Silmarillion. Barcelona: Minotauro, 1987. 
“R/Conlangs.” reddit. Accessed December 15, 2021. https://www.reddit.com/r/conlangs/. 
“R/Worldbuilding.” reddit. Accessed December 15, 2021. https://www.reddit.com/r/worldbuilding/. 
Raspberry Pi. “Teach, Learn, and Make with Raspberry Pi.” Raspberry Pi. Accessed December 15, 2021. https://www.raspberrypi.org/. 
Rice, Anne. Entrevista Con El Vampiro. Barcelona: Ediciones B, 1994. 
Sanderson, Brandon. The Stormlight Archive. New York: Tor Fantasy, 2020. 
Shakespeare, William, William Shakespeare, William Shakespeare, William Shakespeare, William Shakespeare, William Shakespeare, William Shakespeare, William Shakespeare, William Shakespeare, and William Shakespeare. William Shakespeare: Romeo y Julieta ; Macbeth ; Hamlet ; Otelo ; El Sueño De Una Noche De Verano ; La Fierecilla Domada ; El Mercader De Venecia. Madrid, España: Edimat Libros, 2013. 
Shiffman, Daniel. The Nature of Code Simulating Natural Systems with Processing. Erscheinungsort nicht ermittelbar: Selbstverl., 2012. 
Thomas, Roy, Francis Ford Coppola, Bram Stoker, Mike Mignola, and Francisco Pérez Navarro. Drácula, De Bram Stoker. Barcelona: Norma Editorial, 2019. 
@book{achilli_2016, place="Madrid", title="Vampiro: La Mascarada", publisher="Nosolorol", author="Achilli, Justin", year="2016"}
@book{cennini_1956, place="Barcelona", title="Tratado de la Pintura: El Libro del Arte", publisher="Sucesor de E. Meseguer", author="Cennini, Cennino", year="1956"}
@book{garcía, place="Barcelona", title="Cien años de Soledad: Gabriel García Márquez", publisher="Vosgos", year="1978"} 
 @book{gaiman_2021, title="Stardust", publisher="William Morrow Company", author="Gaiman, Neil", year="2021"} 
 @book{goldman_filipetto_vidal_2013, place="Madrid", title="La Princesa Prometida", publisher="Martínez Roca", author="Goldman, William and Filipetto, Celia and Vidal, Mar", year="2013"} 
 @book{hesiodo_1990, place="España", title="Teogonia", publisher="Alianza Editorial", author="Hesiodo", year="1990"} 
 @book{terramar, place="Boston", title="A wizard of earthsea", publisher="Graphia", author="K., Le Guin Ursula and LeGuin, Ursula K.", year="2012"} 
 @book{matute, place="Barcelona", title="Olvidado Rey gudú", publisher="Planeta DeAgostini", author="Matute Ana María", year="1999"} 
 @book{sillmarillion, place="Barcelona", title="El Silmarillion", publisher="Minotauro", author="R., Tolkien J R", year="1987"} 
 @book{cartast, place="Barcelona", title="Cartas de J.R.R. tolkien", publisher="Planeta-De Agostini", author="R., Tolkien J R and Carpenter, Humphrey and Tolkien, Christopher", year="2002"} 
 @book{esdla, place="Barcelona.", title="El Señor de los anillos", publisher="Minotauro", author="R., Tolkien J R and Domènech Luis and Horne, Matilde", year="2010"} 
 @book{rice_1994, place="Barcelona", title="Entrevista con El Vampiro", publisher="Ediciones B", author="Rice, Anne", year="1994"} 
 @book{sanderson_2020, place="New York", title="The stormlight archive", publisher="Tor Fantasy", author="Sanderson, Brandon", year="2020"} 
 @book{shakespeare, place="Madrid, España", title="William Shakespeare: Romeo y julieta ; Macbeth ; Hamlet ; Otelo ; El Sueño de una noche de Verano ; La Fierecilla Domada ; El Mercader de Venecia", publisher="Edimat Libros", author="Shakespeare, William and Shakespeare, William and Shakespeare, William and Shakespeare, William and Shakespeare, William and Shakespeare, William and Shakespeare, William and Shakespeare, William and Shakespeare, William and Shakespeare, William and et al.", year="2013"} 
 @book{shiffman_2012, place="Erscheinungsort nicht ermittelbar", title="The nature of code simulating natural systems with processing", publisher="Selbstverl.", author="Shiffman, Daniel", year="2012"} 
 @book{stoker, place="Barcelona", title="Drácula, De Bram Stoker", publisher="Norma Editorial", author="Thomas, Roy and Coppola, Francis Ford and Stoker, Bram and Mignola, Mike and Navarro, Francisco Pérez", year="2019"} 
 @misc{arduino, url="https://www.arduino.cc/", journal="Arduino"} 
 @misc{chief_2009, url="https://www.brandonsanderson.com/", journal="Brandon Sanderson", author="Chief", year="2009", month="Jul"} 
 @misc{meier, title="Civilization VI", publisher="2K Games", author="Meier, Sid"} 
 @misc{persson, title="Minecraft", publisher="Mojang AB", author="Persson, Markus"} 
 @misc{miyamoto, title="Legend of zelda: Skyward Sword", publisher="Nintendo", author="Miyamoto, Shigeru"} 
 @misc{miyamoto, title="The legend of zelda: Breath of the wild", publisher="Nintendo", author="Miyamoto, Shigeru"} 
 @misc{miyamoto, title="The legend of zelda: Majora's mask", publisher="Nintendo", author="Miyamoto, Shigeru"} 
 @misc{nannou, title="Nannou.cc", url="https://nannou.cc/", journal="Nannou", author="Nannou"} 
 @misc{processing, title="Processing.org", url="https://processing.org/", journal="Processing"} 
 @misc{raspberry, title="Teach, learn, and make with Raspberry Pi", url="https://www.raspberrypi.org/", journal="Raspberry Pi", author="Raspberry Pi"} 
 @misc{conlangs, title="R/conlangs", url="https://www.reddit.com/r/conlangs/", journal="reddit"} 
 @misc{worldbuilding, title="R/worldbuilding", url="https://www.reddit.com/r/worldbuilding/", journal="reddit"} 
 @misc{demoscene, title="The demoscene", url="https://www.demoscene.info/", journal="The demoscene - demoscene.info - the portal on the demoscene"} 